<record><leader>00000cas a2200000 a 4500</leader><controlfield tag="001">12288795</controlfield><controlfield tag="008">850722d19851985cauwr ne      0   a0eng c</controlfield><datafield ind1=" " ind2=" " tag="010"><subfield code="a">sn 85009920 </subfield></datafield><datafield ind1=" " ind2=" " tag="040"><subfield code="a">NSD</subfield><subfield code="b">eng</subfield><subfield code="c">NSD</subfield><subfield code="d">DLC</subfield><subfield code="d">CNK</subfield><subfield code="d">OCLCQ</subfield><subfield code="d">CNK</subfield><subfield code="d">OCLCQ</subfield><subfield code="d">OCLCF</subfield><subfield code="d">OCLCO</subfield></datafield><datafield ind1=" " ind2=" " tag="012"><subfield code="j">0</subfield><subfield code="m">d</subfield></datafield><datafield ind1="0" ind2=" " tag="022"><subfield code="a">0884-0148</subfield><subfield code="l">0884-0148</subfield><subfield code="2">1</subfield></datafield><datafield ind1="1" ind2=" " tag="029"><subfield code="a">AU@</subfield><subfield code="b">000020382606</subfield></datafield><datafield ind1=" " ind2=" " tag="042"><subfield code="a">nsdp</subfield><subfield code="a">pcc</subfield></datafield><datafield ind1=" " ind2=" " tag="043"><subfield code="a">n-us-ca</subfield></datafield><datafield ind1="0" ind2="0" tag="050"><subfield code="a">Newspaper</subfield></datafield><datafield ind1="1" ind2=" " tag="082"><subfield code="a">380</subfield><subfield code="2">11</subfield></datafield><datafield ind1="0" ind2=" " tag="130"><subfield code="a">Commercial news (San Francisco, Calif.)</subfield></datafield><datafield ind1="0" ind2=" " tag="210"><subfield code="a">Commer. news</subfield><subfield code="b">(San Franc. Calif.)</subfield></datafield><datafield ind1=" " ind2="0" tag="222"><subfield code="a">Commercial news</subfield><subfield code="b">(San Francisco, Calif.)</subfield></datafield><datafield ind1="0" ind2="0" tag="245"><subfield code="a">Commercial news.</subfield></datafield><datafield ind1=" " ind2=" " tag="260"><subfield code="a">San Francisco [Calif.] :</subfield><subfield code="b">Commercial News Pub. Co.,</subfield><subfield code="c">1985.</subfield></datafield><datafield ind1=" " ind2=" " tag="300"><subfield code="a">1 v.</subfield></datafield><datafield ind1=" " ind2=" " tag="310"><subfield code="a">Weekly</subfield></datafield><datafield ind1="0" ind2=" " tag="362"><subfield code="a">Vol. 204, no. 070 (Apr. 22/26, 1985)-v. 204, no. 080 (July 1/5, 1985).</subfield></datafield><datafield ind1=" " ind2=" " tag="530"><subfield code="a">Also available on microfilm from Bay Microfilm Inc.</subfield></datafield><datafield ind1=" " ind2=" " tag="530"><subfield code="a">Master negatives are available for duplication from:</subfield><subfield code="b">California Newspaper Microfilm Archive;</subfield><subfield code="c">positive copies may be purchased by the reel; for further information consult the CNMA at:</subfield><subfield code="u">http://cbsr.ucr.edu</subfield></datafield><datafield ind1=" " ind2="0" tag="650"><subfield code="a">Business</subfield><subfield code="v">Newspapers.</subfield></datafield><datafield ind1=" " ind2="0" tag="651"><subfield code="a">San Francisco (Calif.)</subfield><subfield code="v">Newspapers.</subfield></datafield><datafield ind1=" " ind2="7" tag="655"><subfield code="a">Newspapers.</subfield><subfield code="2">fast</subfield><subfield code="0">(OCoLC)fst01423814</subfield></datafield><datafield ind1=" " ind2="7" tag="650"><subfield code="a">Business.</subfield><subfield code="2">fast</subfield><subfield code="0">(OCoLC)fst00842262</subfield></datafield><datafield ind1=" " ind2="7" tag="651"><subfield code="a">California</subfield><subfield code="z">San Francisco.</subfield><subfield code="2">fast</subfield><subfield code="0">(OCoLC)fst01204481</subfield></datafield><datafield ind1=" " ind2=" " tag="752"><subfield code="a">United States</subfield><subfield code="b">California</subfield><subfield code="c">San Francisco</subfield><subfield code="d">San Francisco.</subfield></datafield><datafield ind1="0" ind2="0" tag="780"><subfield code="t">National commercial news</subfield><subfield code="x">0744-0294</subfield><subfield code="w">(DLC)sn 81005971</subfield><subfield code="w">(OCoLC)7988517</subfield></datafield><datafield ind1="0" ind2="0" tag="785"><subfield code="t">Commercial news international</subfield><subfield code="x">0885-7989</subfield><subfield code="w">(DLC)sn 85004904</subfield><subfield code="w">(OCoLC)12736380</subfield></datafield></record>